<record><leader>00000cas a22000007a 4500</leader><controlfield tag="001">11265585</controlfield><controlfield tag="008">841015d18801887nduwr nea     0    0nor d</controlfield><datafield ind1=" " ind2=" " tag="010"><subfield code="a">sn 84024788 </subfield></datafield><datafield ind1=" " ind2=" " tag="040"><subfield code="a">NPV</subfield><subfield code="b">eng</subfield><subfield code="c">NPV</subfield><subfield code="d">OCLCQ</subfield></datafield><datafield ind1=" " ind2=" " tag="042"><subfield code="a">msc</subfield></datafield><datafield ind1="0" ind2="0" tag="245"><subfield code="a">Grand Forks tidende.</subfield></datafield><datafield ind1=" " ind2=" " tag="260"><subfield code="a">Grand Forks, D.T. (i.e. N.D.) :</subfield><subfield code="b">Gulbrandsen &amp; Arneson</subfield></datafield><datafield ind1=" " ind2=" " tag="300"><subfield code="a">v. :</subfield><subfield code="b">ill.</subfield></datafield><datafield ind1=" " ind2=" " tag="310"><subfield code="a">Weekly</subfield></datafield><datafield ind1="1" ind2=" " tag="362"><subfield code="a">Began in 1880; ceased in 1887.</subfield><subfield code="z">Cf. Gregory, W. Amer. newspapers.</subfield></datafield><datafield ind1=" " ind2=" " tag="521"><subfield code="a">"The oldest Scandinavian weekly in Dakota territory."</subfield></datafield><datafield ind1=" " ind2=" " tag="546"><subfield code="a">In Norwegian.</subfield></datafield><datafield ind1=" " ind2=" " tag="580"><subfield code="a">Continued by: Tidende (Minneapolis, Minn.) Cf. Gregory, W. Amer. newspapers.</subfield></datafield><datafield ind1=" " ind2=" " tag="588"><subfield code="a">Description based on: No. 22, 5te aarg. (3die juni 1885).</subfield></datafield><datafield ind1=" " ind2=" " tag="533"><subfield code="a">Microfilm.</subfield><subfield code="b">Des Moines, Iowa :</subfield><subfield code="c">Hytone Film Lab.</subfield><subfield code="e">microfilm reels ; 35 mm.</subfield></datafield><datafield ind1="1" ind2="0" tag="785"><subfield code="t">Tidende (Minneapolis, Minn. : 1897)</subfield></datafield><datafield ind1="1" ind2=" " tag="029"><subfield code="a">AU@</subfield><subfield code="b">000025833892</subfield></datafield></record>